@inproceedings{lee2013sonic,
  title={SoNIC: Precise Realtime Software Access and Control of Wired Networks.},
  author={Lee, Ki Suh and Wang, Han and Weatherspoon, Hakim},
  booktitle={NSDI},
  pages={213--225},
  year={2013}
}

@inproceedings{wang2014timing,
  title={Timing is Everything: Accurate, Minimum Overhead, Available Bandwidth Estimation in High-speed Wired Networks},
  author={Wang, Han and Lee, Ki Suh and Li, Erluo and Lim, Chiun Lin and Tang, Ao and Weatherspoon, Hakim},
  booktitle={Proceedings of the 2014 Conference on Internet Measurement Conference},
  pages={407--420},
  year={2014},
  organization={ACM}
} 